@online{site:vic,
	title   = {VIC s.r.l.},
	url     = {http://vicworldwide.com/}
}

@online{site:django,
	title	= {Django},
	url	= {https://www.djangoproject.com/}
}

@online{site:djangorest,
	title	= {Django REST Framework},
	url	= {http://www.django-rest-framework.org/}
}

@online{site:json,
	title	= {JSON},
	url	= {https://www.json.org/json-it.html}
}

@online{site:jwt,
	title	= {JSON Web Tokens},
	url	= {https://jwt.io/}
}

@online{site:angular,
	title	= {Angular},
	url	= {https://angular.io/}
}

@online{site:QCubed,
	title	= {QCubed},
	url	= {http://qcubed.github.io/}
}

@online{site:php,
	title	= {PHP},
	url	= {http://www.php.net/}
}

@online{site:python,
	title = {Python},
	url	= {https://www.python.org/}
}

@online{site:bootstrap,
	title = {Bootpstrap},
	url	= {https://getbootstrap.com/}
}

